@article{staudt2016networkit,
  title={NetworKit: A tool suite for large-scale complex network analysis},
  author={Staudt, C.L. and Sazonovs, A. and Meyerhenke, H.},
  journal={Network Science},
  volume={4},
  number={4},
  pages={508--530},
  year={2016},
  publisher={Cambridge University Press}
}

@article{csardi2006igraph,
  title={The igraph software package for complex network research},
  author={Csardi, G. and Nepusz, T. and others},
  journal={InterJournal, complex systems},
  volume={1695},
  number={5},
  pages={1--9},
  year={2006}
}

@article{leskovec2016snap,
  title={Snap: A general-purpose network analysis and graph-mining library},
  author={Leskovec, Jure and Sosi{\v{c}}, Rok},
  journal={ACM Transactions on Intelligent Systems and Technology (TIST)},
  volume={8},
  number={1},
  pages={1--20},
  year={2016},
  publisher={ACM New York, NY, USA}
}

@article{sahu2023gvelouvain,
  title={GVE-Louvain: Fast Louvain Algorithm for Community Detection in Shared Memory Setting},
  author={Sahu, Subhajit},
  journal={arXiv preprint arXiv:2312.04876},
  year={2023}
}

@article{wang2014link,
  title={Link prediction in social networks: the state-of-the-art},
  author={Wang, Peng and Xu, BaoWen and Wu, YuRong and Zhou, XiaoYu},
  journal={arXiv preprint arXiv:1411.5118},
  year={2014}
}

@inproceedings{gatadi2023lpcd,
  title={LPCD: Incremental Approach for Dynamic Networks},
  author={Gatadi, Ashwitha and Swarupa Rani, K},
  booktitle={International Conference on Multi-disciplinary Trends in Artificial Intelligence},
  pages={203--213},
  year={2023},
  organization={Springer}
}

@article{de2021enriching,
  title={Enriching networks with edge insertion to improve community detection},
  author={de Oliveira, {\'E}ric Tadeu Camacho and de Fran{\c{c}}a, Fabr{\'\i}cio Olivetti},
  journal={Social Network Analysis and Mining},
  volume={11},
  number={1},
  pages={89},
  year={2021},
  publisher={Springer}
}

@article{jaccard1901etude,
  title={{\'E}tude comparative de la distribution florale dans une portion des Alpes et des Jura},
  author={Jaccard, Paul},
  journal={Bull Soc Vaudoise Sci Nat},
  volume={37},
  pages={547--579},
  year={1901}
}

@article{sorensen1948method,
  title={A method of establishing groups of equal amplitude in plant sociology based on similarity of species content and its application to analyses of the vegetation on Danish commons},
  author={Sorensen, Thorvald},
  journal={Biologiske skrifter},
  volume={5},
  pages={1--34},
  year={1948}
}

@article{salton1973specification,
  title={On the specification of term values in automatic indexing},
  author={Salton, Gerard and Yang, Chung-Shu},
  journal={Journal of documentation},
  volume={29},
  number={4},
  pages={351--372},
  year={1973},
  publisher={MCB UP Ltd}
}

@inproceedings{liben2003link,
  title={The link prediction problem for social networks},
  author={Liben-Nowell, David and Kleinberg, Jon},
  booktitle={Proceedings of the twelfth international conference on Information and knowledge management},
  pages={556--559},
  year={2003}
}

@article{zhou2009predicting,
  title={Predicting missing links via local information},
  author={Zhou, Tao and L{\"u}, Linyuan and Zhang, Yi-Cheng},
  journal={The European Physical Journal B},
  volume={71},
  pages={623--630},
  year={2009},
  publisher={Springer}
}

@article{leicht2006vertex,
  title={Vertex similarity in networks},
  author={Leicht, Elizabeth A and Holme, Petter and Newman, Mark EJ},
  journal={Physical Review E},
  volume={73},
  number={2},
  pages={026120},
  year={2006},
  publisher={APS}
}

@article{adamic2003friends,
  title={Friends and neighbors on the web},
  author={Adamic, Lada A and Adar, Eytan},
  journal={Social networks},
  volume={25},
  number={3},
  pages={211--230},
  year={2003},
  publisher={Elsevier}
}

@article{zhou2010solving,
  title={Solving the apparent diversity-accuracy dilemma of recommender systems},
  author={Zhou, Tao and Kuscsik, Zolt{\'a}n and Liu, Jian-Guo and Medo, Mat{\'u}{\v{s}} and Wakeling, Joseph Rushton and Zhang, Yi-Cheng},
  journal={Proceedings of the National Academy of Sciences},
  volume={107},
  number={10},
  pages={4511--4515},
  year={2010},
  publisher={National Acad Sciences}
}

@article{martinez2016survey,
  title={A survey of link prediction in complex networks},
  author={Mart{\'\i}nez, V{\'\i}ctor and Berzal, Fernando and Cubero, Juan-Carlos},
  journal={ACM computing surveys (CSUR)},
  volume={49},
  number={4},
  pages={1--33},
  year={2016},
  publisher={ACM New York, NY, USA}
}

@inproceedings{sun2012will,
  title={When will it happen? relationship prediction in heterogeneous information networks},
  author={Sun, Yizhou and Han, Jiawei and Aggarwal, Charu C and Chawla, Nitesh V},
  booktitle={Proceedings of the fifth ACM international conference on Web search and data mining},
  pages={663--672},
  year={2012}
}

@inproceedings{kunegis2009learning,
  title={Learning spectral graph transformations for link prediction},
  author={Kunegis, J{\'e}r{\^o}me and Lommatzsch, Andreas},
  booktitle={Proceedings of the 26th Annual International Conference on Machine Learning},
  pages={561--568},
  year={2009}
}

@article{zhou2021progresses,
  title={Progresses and challenges in link prediction},
  author={Zhou, Tao},
  journal={Iscience},
  volume={24},
  number={11},
  year={2021},
  publisher={Elsevier}
}

@article{wang2012evaluating,
  title={Evaluating network models: A likelihood analysis},
  author={Wang, Wen-Qiang and Zhang, Qian-Ming and Zhou, Tao},
  journal={Europhysics letters},
  volume={98},
  number={2},
  pages={28004},
  year={2012},
  publisher={IOP Publishing}
}

@article{zhang2015measuring,
  title={Measuring multiple evolution mechanisms of complex networks},
  author={Zhang, Qian-Ming and Xu, Xiao-Ke and Zhu, Yu-Xiao and Zhou, Tao},
  journal={Scientific reports},
  volume={5},
  number={1},
  pages={10350},
  year={2015},
  publisher={Nature Publishing Group UK London}
}

@article{zhang2017uncovering,
  title={Uncovering mechanisms of co-authorship evolution by multirelations-based link prediction},
  author={Zhang, Jinzhu},
  journal={Information Processing \& Management},
  volume={53},
  number={1},
  pages={42--51},
  year={2017},
  publisher={Elsevier}
}

@article{xian2021towards,
  title={Towards link inference attack against network structure perturbation},
  author={Xian, Xingping and Wu, Tao and Liu, Yanbing and Wang, Wei and Wang, Chao and Xu, Guangxia and Xiao, Yonggang},
  journal={Knowledge-Based Systems},
  volume={218},
  pages={106674},
  year={2021},
  publisher={Elsevier}
}

@article{dehghan2022evaluating,
  title={Evaluating node embeddings of complex networks},
  author={Dehghan-Kooshkghazi, Arash and Kami{\'n}ski, Bogumi{\l} and Krai{\'n}ski, {\L}ukasz and Pra{\l}at, Pawe{\l} and Th{\'e}berge, Fran{\c{c}}ois},
  journal={Journal of Complex Networks},
  volume={10},
  number={4},
  pages={cnac030},
  year={2022},
  publisher={Oxford University Press}
}

@article{gu2021learning,
  title={Learning universal network representation via link prediction by graph convolutional neural network},
  author={Gu, Weiwei and Gao, Fei and Li, Ruiqi and Zhang, Jiang},
  journal={Journal of Social Computing},
  volume={2},
  number={1},
  pages={43--51},
  year={2021},
  publisher={TUP}
}

@inproceedings{mara2020benchmarking,
  title={Benchmarking network embedding models for link prediction: Are we making progress?},
  author={Mara, Alexandru Cristian and Lijffijt, Jefrey and De Bie, Tijl},
  booktitle={2020 IEEE 7th International conference on data science and advanced analytics (DSAA)},
  pages={138--147},
  year={2020},
  organization={IEEE}
}

@article{ghasemian2020stacking,
  title={Stacking models for nearly optimal link prediction in complex networks},
  author={Ghasemian, Amir and Hosseinmardi, Homa and Galstyan, Aram and Airoldi, Edoardo M and Clauset, Aaron},
  journal={Proceedings of the National Academy of Sciences},
  volume={117},
  number={38},
  pages={23393--23400},
  year={2020},
  publisher={National Acad Sciences}
}

@article{muscoloni2022adaptive,
  title={Adaptive network automata modelling of complex networks},
  author={Muscoloni, Alessandro and Michieli, Umberto and Zhang, Yingtao and Cannistraci, Carlo Vittorio},
  year={2022},
  publisher={Preprints}
}

@article{muscoloni2021short,
  title={Short note on comparing stacking modelling versus Cannistraci-Hebb adaptive network automata for link prediction in complex networks},
  author={Muscoloni, Alessandro and Cannistraci, Carlo Vittorio},
  year={2021},
  publisher={Preprints}
}

@article{zhou2021experimental,
  title={Experimental analyses on 2-hop-based and 3-hop-based link prediction algorithms},
  author={Zhou, Tao and Lee, Yan-Li and Wang, Guannan},
  journal={Physica A: Statistical Mechanics and its Applications},
  volume={564},
  pages={125532},
  year={2021},
  publisher={Elsevier}
}

@inproceedings{barbieri2014follow,
  title={Who to follow and why: link prediction with explanations},
  author={Barbieri, Nicola and Bonchi, Francesco and Manco, Giuseppe},
  booktitle={Proceedings of the 20th ACM SIGKDD international conference on Knowledge discovery and data mining},
  pages={1266--1275},
  year={2014}
}

@article{lu2011link,
  title={Link prediction in complex networks: A survey},
  author={L{\"u}, Linyuan and Zhou, Tao},
  journal={Physica A: statistical mechanics and its applications},
  volume={390},
  number={6},
  pages={1150--1170},
  year={2011},
  publisher={Elsevier}
}

@book{zhou2012ensemble,
  title={Ensemble methods: foundations and algorithms},
  author={Zhou, Zhi-Hua},
  year={2012},
  publisher={CRC press}
}

@article{koren2009matrix,
  title={Matrix factorization techniques for recommender systems},
  author={Koren, Yehuda and Bell, Robert and Volinsky, Chris},
  journal={Computer},
  volume={42},
  number={8},
  pages={30--37},
  year={2009},
  publisher={IEEE}
}

@article{krioukov2010hyperbolic,
  title={Hyperbolic geometry of complex networks},
  author={Krioukov, Dmitri and Papadopoulos, Fragkiskos and Kitsak, Maksim and Vahdat, Amin and Bogun{\'a}, Mari{\'a}n},
  journal={Physical Review E},
  volume={82},
  number={3},
  pages={036106},
  year={2010},
  publisher={APS}
}

@article{papadopoulos2012popularity,
  title={Popularity versus similarity in growing networks},
  author={Papadopoulos, Fragkiskos and Kitsak, Maksim and Serrano, M {\'A}ngeles and Bogun{\'a}, Mari{\'a}n and Krioukov, Dmitri},
  journal={Nature},
  volume={489},
  number={7417},
  pages={537--540},
  year={2012},
  publisher={Nature Publishing Group UK London}
}

@article{cui2018survey,
  title={A survey on network embedding},
  author={Cui, Peng and Wang, Xiao and Pei, Jian and Zhu, Wenwu},
  journal={IEEE transactions on knowledge and data engineering},
  volume={31},
  number={5},
  pages={833--852},
  year={2018},
  publisher={IEEE}
}

@article{cannistraci2013minimum,
  title={Minimum curvilinearity to enhance topological prediction of protein interactions by network embedding},
  author={Cannistraci, Carlo Vittorio and Alanis-Lobato, Gregorio and Ravasi, Timothy},
  journal={Bioinformatics},
  volume={29},
  number={13},
  pages={i199--i209},
  year={2013},
  publisher={Oxford University Press}
}

@article{xian2020netsre,
  title={Netsre: Link predictability measuring and regulating},
  author={Xian, Xingping and Wu, Tao and Qiao, Shaojie and Wang, Xi-Zhao and Wang, Wei and Liu, Yanbing},
  journal={Knowledge-Based Systems},
  volume={196},
  pages={105800},
  year={2020},
  publisher={Elsevier}
}

@article{sun2020revealing,
  title={Revealing the predictability of intrinsic structure in complex networks},
  author={Sun, Jiachen and Feng, Ling and Xie, Jiarong and Ma, Xiao and Wang, Dashun and Hu, Yanqing},
  journal={Nature communications},
  volume={11},
  number={1},
  pages={574},
  year={2020},
  publisher={Nature Publishing Group UK London}
}

@article{koutra2015summarizing,
  title={Summarizing and understanding large graphs},
  author={Koutra, Danai and Kang, U and Vreeken, Jilles and Faloutsos, Christos},
  journal={Statistical Analysis and Data Mining: The ASA Data Science Journal},
  volume={8},
  number={3},
  pages={183--202},
  year={2015},
  publisher={Wiley Online Library}
}

@article{yang2015evaluating,
  title={Evaluating link prediction methods},
  author={Yang, Yang and Lichtenwalter, Ryan N and Chawla, Nitesh V},
  journal={Knowledge and Information Systems},
  volume={45},
  pages={751--782},
  year={2015},
  publisher={Springer}
}

@inproceedings{lichtnwalter2012link,
  title={Link prediction: fair and effective evaluation},
  author={Lichtnwalter, Ryan and Chawla, Nitesh V},
  booktitle={2012 IEEE/ACM International Conference on Advances in Social Networks Analysis and Mining},
  pages={376--383},
  year={2012},
  organization={IEEE}
}

@article{lu2015toward,
  title={Toward link predictability of complex networks},
  author={L{\"u}, Linyuan and Pan, Liming and Zhou, Tao and Zhang, Yi-Cheng and Stanley, H Eugene},
  journal={Proceedings of the National Academy of Sciences},
  volume={112},
  number={8},
  pages={2325--2330},
  year={2015},
  publisher={National Acad Sciences}
}

@inproceedings{garcia2014link,
  title={Link prediction in very large directed graphs: Exploiting hierarchical properties in parallel},
  author={Garcia Gasulla, Dario and Cort{\'e}s Garc{\'\i}a, Claudio Ulises},
  booktitle={Proceedings of the 3rd Workshop on Knowledge Discovery and Data Mining Meets Linked Open Data co-located with 11th Extended Semantic Web Conference (ESWC 2014): Crete, Greece, May 25, 2014},
  pages={1--13},
  year={2014},
  organization={CEUR-WS. org}
}

@article{almansoori2012link,
  title={Link prediction and classification in social networks and its application in healthcare and systems biology},
  author={Almansoori, Wadhah and Gao, Shang and Jarada, Tamer N and Elsheikh, Abdallah M and Murshed, Ayman N and Jida, Jamal and Alhajj, Reda and Rokne, Jon},
  journal={Network Modeling Analysis in Health Informatics and Bioinformatics},
  volume={1},
  pages={27--36},
  year={2012},
  publisher={Springer}
}

@article{aiello2012friendship,
  title={Friendship prediction and homophily in social media},
  author={Aiello, Luca Maria and Barrat, Alain and Schifanella, Rossano and Cattuto, Ciro and Markines, Benjamin and Menczer, Filippo},
  journal={ACM Transactions on the Web (TWEB)},
  volume={6},
  number={2},
  pages={1--33},
  year={2012},
  publisher={ACM New York, NY, USA}
}

@article{mori2012machine,
  title={Machine learning approach for finding business partners and building reciprocal relationships},
  author={Mori, Junichiro and Kajikawa, Yuya and Kashima, Hisashi and Sakata, Ichiro},
  journal={Expert Systems with Applications},
  volume={39},
  number={12},
  pages={10402--10407},
  year={2012},
  publisher={Elsevier}
}

@article{recommendationpatent,
  title={Patent Partner Recommendation in Enterprise Social Networks},
  author={Recommendation, Patent Partner},
  publisher={Citeseer}
}

@inproceedings{akcora2011network,
  title={Network and profile based measures for user similarities on social networks},
  author={Akcora, Cuneyt Gurcan and Carminati, Barbara and Ferrari, Elena},
  booktitle={2011 IEEE International Conference on Information Reuse \& Integration},
  pages={292--298},
  year={2011},
  organization={IEEE}
}

@inproceedings{tang2012cross,
  title={Cross-domain collaboration recommendation},
  author={Tang, Jie and Wu, Sen and Sun, Jimeng and Su, Hang},
  booktitle={Proceedings of the 18th ACM SIGKDD international conference on Knowledge discovery and data mining},
  pages={1285--1293},
  year={2012}
}

@article{pavlov2007finding,
  title={Finding experts by link prediction in co-authorship networks.},
  author={Pavlov, Milen and Ichise, Ryutaro},
  journal={FEWS},
  volume={290},
  pages={42--55},
  year={2007}
}

@inproceedings{wohlfarth2008semantic,
  title={Semantic and event-based approach for link prediction},
  author={Wohlfarth, Till and Ichise, Ryutaro},
  booktitle={International Conference on Practical Aspects of Knowledge Management},
  pages={50--61},
  year={2008},
  organization={Springer}
}

@article{raeder2011predictors,
  title={Predictors of short-term decay of cell phone contacts in a large scale communication network},
  author={Raeder, Troy and Lizardo, Omar and Hachen, David and Chawla, Nitesh V},
  journal={Social Networks},
  volume={33},
  number={4},
  pages={245--257},
  year={2011},
  publisher={Elsevier}
}

@article{marchette2008predicting,
  title={Predicting unobserved links in incompletely observed networks},
  author={Marchette, David J and Priebe, Carey E},
  journal={Computational Statistics \& Data Analysis},
  volume={52},
  number={3},
  pages={1373--1386},
  year={2008},
  publisher={Elsevier}
}

@inproceedings{kim2011network,
  title={The network completion problem: Inferring missing nodes and edges in networks},
  author={Kim, Myunghwan and Leskovec, Jure},
  booktitle={Proceedings of the 2011 SIAM international conference on data mining},
  pages={47--58},
  year={2011},
  organization={SIAM}
}

@article{barabasi2002evolution,
  title={Evolution of the social network of scientific collaborations},
  author={Barab{\^a}si, Albert-Laszlo and Jeong, Hawoong and N{\'e}da, Zoltan and Ravasz, Erzsebet and Schubert, Andras and Vicsek, Tamas},
  journal={Physica A: Statistical mechanics and its applications},
  volume={311},
  number={3-4},
  pages={590--614},
  year={2002},
  publisher={Elsevier}
}

@inproceedings{juszczyszyn2011link,
  title={Link prediction based on subgraph evolution in dynamic social networks},
  author={Juszczyszyn, Krzysztof and Musial, Katarzyna and Budka, Marcin},
  booktitle={2011 IEEE Third International Conference on Privacy, Security, Risk and Trust and 2011 IEEE Third International Conference on Social Computing},
  pages={27--34},
  year={2011},
  organization={IEEE}
}

@article{bringmann2010learning,
  title={Learning and predicting the evolution of social networks},
  author={Bringmann, Bj{\"o}rn and Berlingerio, Michele and Bonchi, Francesco and Gionis, Arisitdes},
  journal={IEEE Intelligent Systems},
  volume={25},
  number={04},
  pages={26--35},
  year={2010},
  publisher={IEEE Computer Society}
}

@inproceedings{raymond2010fast,
  title={Fast and scalable algorithms for semi-supervised link prediction on static and dynamic graphs},
  author={Raymond, Rudy and Kashima, Hisashi},
  booktitle={Joint european conference on machine learning and knowledge discovery in databases},
  pages={131--147},
  year={2010},
  organization={Springer}
}

@inproceedings{zhu2002using,
  title={Using markov models for web site link prediction},
  author={Zhu, Jianhan and Hong, Jun and Hughes, John G},
  booktitle={Proceedings of the thirteenth ACM conference on Hypertext and hypermedia},
  pages={169--170},
  year={2002}
}

@article{huang2009time,
  title={The time-series link prediction problem with applications in communication surveillance},
  author={Huang, Zan and Lin, Dennis KJ},
  journal={INFORMS Journal on Computing},
  volume={21},
  number={2},
  pages={286--303},
  year={2009},
  publisher={INFORMS}
}

@article{arrar2023comprehensive,
  title={A comprehensive survey of link prediction methods},
  author={Arrar, Djihad and Kamel, Nadjet and Lakhfif, Abdelaziz},
  journal={The Journal of Supercomputing},
  pages={1--41},
  year={2023},
  publisher={Springer}
}

@article{newman2001clustering,
  title={Clustering and preferential attachment in growing networks},
  author={Newman, Mark EJ},
  journal={Physical review E},
  volume={64},
  number={2},
  pages={025102},
  year={2001},
  publisher={APS}
}

@article{barabasi1999emergence,
  title={Emergence of scaling in random networks},
  author={Barab{\'a}si, Albert-L{\'a}szl{\'o} and Albert, R{\'e}ka},
  journal={science},
  volume={286},
  number={5439},
  pages={509--512},
  year={1999},
  publisher={American Association for the Advancement of Science}
}

@article{nasiri2021novel,
  title={A novel link prediction algorithm for protein-protein interaction networks by attributed graph embedding},
  author={Nasiri, Elahe and Berahmand, Kamal and Rostami, Mehrdad and Dabiri, Mohammad},
  journal={Computers in Biology and Medicine},
  volume={137},
  pages={104772},
  year={2021},
  publisher={Elsevier}
}

@article{cannistraci2013link,
  title={From link-prediction in brain connectomes and protein interactomes to the local-community-paradigm in complex networks},
  author={Cannistraci, Carlo Vittorio and Alanis-Lobato, Gregorio and Ravasi, Timothy},
  journal={Scientific reports},
  volume={3},
  number={1},
  pages={1613},
  year={2013},
  publisher={Nature Publishing Group UK London}
}

@inproceedings{huang2006link,
  title={A link prediction approach to anomalous email detection},
  author={Huang, Zan and Zeng, Daniel D},
  booktitle={2006 IEEE international conference on systems, man and cybernetics},
  volume={2},
  pages={1131--1136},
  year={2006},
  organization={IEEE}
}

@article{de2017community,
  title={Community detection, link prediction, and layer interdependence in multilayer networks},
  author={De Bacco, Caterina and Power, Eleanor A and Larremore, Daniel B and Moore, Cristopher},
  journal={Physical Review E},
  volume={95},
  number={4},
  pages={042317},
  year={2017},
  publisher={APS}
}

@article{esslimani2011densifying,
  title={Densifying a behavioral recommender system by social networks link prediction methods},
  author={Esslimani, Ilham and Brun, Armelle and Boyer, Anne},
  journal={Social Network Analysis and Mining},
  volume={1},
  pages={159--172},
  year={2011},
  publisher={Springer}
}

@article{alnumay2019trust,
  title={A Trust-Based predictive model for mobile ad hoc network in internet of things},
  author={Alnumay, Waleed and Ghosh, Uttam and Chatterjee, Pushpita},
  journal={Sensors},
  volume={19},
  number={6},
  pages={1467},
  year={2019},
  publisher={MDPI}
}

@article{berlusconi2016link,
  title={Link prediction in criminal networks: A tool for criminal intelligence analysis},
  author={Berlusconi, Giulia and Calderoni, Francesco and Parolini, Nicola and Verani, Marco and Piccardi, Carlo},
  journal={PloS one},
  volume={11},
  number={4},
  pages={e0154244},
  year={2016},
  publisher={Public Library of Science San Francisco, CA USA}
}

@article{lim2019hidden,
  title={Hidden link prediction in criminal networks using the deep reinforcement learning technique},
  author={Lim, Marcus and Abdullah, Azween and Jhanjhi, NZ and Supramaniam, Mahadevan},
  journal={Computers},
  volume={8},
  number={1},
  pages={8},
  year={2019},
  publisher={MDPI}
}

@article{abdolhosseini2020overlapping,
  title={Overlapping communities and the prediction of missing links in multiplex networks},
  author={Abdolhosseini-Qomi, Amir Mahdi and Yazdani, Naser and Asadpour, Masoud},
  journal={Physica A: Statistical Mechanics and its Applications},
  volume={554},
  pages={124650},
  year={2020},
  publisher={Elsevier}
}

@article{daud2020applications,
  title={Applications of link prediction in social networks: A review},
  author={Daud, Nur Nasuha and Ab Hamid, Siti Hafizah and Saadoon, Muntadher and Sahran, Firdaus and Anuar, Nor Badrul},
  journal={Journal of Network and Computer Applications},
  volume={166},
  pages={102716},
  year={2020},
  publisher={Elsevier}
}

@article{su2020link,
  title={Link prediction in recommender systems based on vector similarity},
  author={Su, Zhan and Zheng, Xiliang and Ai, Jun and Shen, Yuming and Zhang, Xuanxiong},
  journal={Physica A: Statistical Mechanics and its Applications},
  volume={560},
  pages={125154},
  year={2020},
  publisher={Elsevier}
}

@article{vahidi2021hybrid,
  title={A hybrid recommender system based-on link prediction for movie baskets analysis},
  author={Vahidi Farashah, Mohammadsadegh and Etebarian, Akbar and Azmi, Reza and Ebrahimzadeh Dastjerdi, Reza},
  journal={Journal of Big Data},
  volume={8},
  pages={1--24},
  year={2021},
  publisher={Springer}
}

@article{su2019link,
  title={Link prediction in recommender systems with confidence measures},
  author={Su, Zhan and Zheng, Xiliang and Ai, Jun and Shang, Lihui and Shen, Yuming},
  journal={Chaos: An Interdisciplinary Journal of Nonlinear Science},
  volume={29},
  number={8},
  year={2019},
  publisher={AIP Publishing}
}

@article{hanley1982meaning,
  title={The meaning and use of the area under a receiver operating characteristic (ROC) curve.},
  author={Hanley, James A and McNeil, Barbara J},
  journal={Radiology},
  volume={143},
  number={1},
  pages={29--36},
  year={1982}
}

@article{mumin2022efficient,
  title={An efficient algorithm for link prediction based on local information: considering the effect of node degree},
  author={Mumin, Diyawu and Shi, Lei-Lei and Liu, Lu},
  journal={Concurrency and Computation: Practice and Experience},
  volume={34},
  number={7},
  pages={e6289},
  year={2022},
  publisher={Wiley Online Library}
}

@inproceedings{al2006link,
  title={Link prediction using supervised learning},
  author={Al Hasan, Mohammad and Chaoji, Vineet and Salem, Saeed and Zaki, Mohammed},
  booktitle={SDM06: workshop on link analysis, counter-terrorism and security},
  volume={30},
  pages={798--805},
  year={2006}
}

@article{suite19,
  title={{The SuiteSparse matrix collection website interface}},
  author={Kolodziej, S. and Aznaveh, M. and Bullock, M. and David, J. and Davis, T. and Henderson, M. and Hu, Y. and Sandstrom, R.},
  journal={JOSS},
  volume={4},
  number={35},
  year={2019},
  pages={1244},
}

@article{pai2019netdx,
  title={netDx: interpretable patient classification using integrated patient similarity networks},
  author={Pai, Shraddha and Hui, Shirley and Isserlin, Ruth and Shah, Muhammad A and Kaka, Hussam and Bader, Gary D},
  journal={Molecular systems biology},
  volume={15},
  number={3},
  pages={e8497},
  year={2019}
}

@article{cui2016bounded,
  title={Bounded link prediction in very large networks},
  author={Cui, Wei and Pu, Cunlai and Xu, Zhongqi and Cai, Shimin and Yang, Jian and Michaelson, Andrew},
  journal={Physica A: Statistical Mechanics and its Applications},
  volume={457},
  pages={202--214},
  year={2016},
  publisher={Elsevier}
}

@article{xu2019distributed,
  title={Distributed temporal link prediction algorithm based on label propagation},
  author={Xu, Xiaolong and Hu, Nan and Li, Tao and Trovati, Marcello and Palmieri, Francesco and Kontonatsios, Georgios and Castiglione, Aniello},
  journal={Future Generation Computer Systems},
  volume={93},
  pages={627--636},
  year={2019},
  publisher={Elsevier}
}

@article{papadimitriou2012fast,
  title={Fast and accurate link prediction in social networking systems},
  author={Papadimitriou, Alexis and Symeonidis, Panagiotis and Manolopoulos, Yannis},
  journal={Journal of Systems and Software},
  volume={85},
  number={9},
  pages={2119--2132},
  year={2012},
  publisher={Elsevier}
}

@article{mohan2017scalable,
  title={A scalable method for link prediction in large real world networks},
  author={Mohan, Anuraj and Venkatesan, R and Pramod, KV},
  journal={Journal of Parallel and Distributed Computing},
  volume={109},
  pages={89--101},
  year={2017},
  publisher={Elsevier}
}

@article{wang2019link,
  title={Link prediction based on community information and its parallelization},
  author={Wang, Jingwei and Ma, Yunlong and Liu, Min and Shen, Weiming},
  journal={IEEE Access},
  volume={7},
  pages={62633--62645},
  year={2019},
  publisher={IEEE}
}
